
<record>
  <leader>01045cam a22002417a 4500</leader>
  <controlfield tag="001">4204895</controlfield>
  <controlfield tag="005">20200105200720.0</controlfield>
  <controlfield tag="008">820713s1945    ua            000 0 arar </controlfield>
  <datafield tag="906" ind1=" " ind2=" ">
    <subfield code="a">7</subfield>
    <subfield code="b">cbc</subfield>
    <subfield code="c">orignew</subfield>
    <subfield code="d">4</subfield>
    <subfield code="e">ncip</subfield>
    <subfield code="f">19</subfield>
    <subfield code="g">y-gencatlg</subfield>
  </datafield>
  <datafield tag="955" ind1=" " ind2=" ">
    <subfield code="u">cm04 2020-01-05</subfield>
  </datafield>
  <datafield tag="010" ind1=" " ind2=" ">
    <subfield code="a">   80961223 </subfield>
  </datafield>
  <datafield tag="035" ind1=" " ind2=" ">
    <subfield code="9">(DLC)   80961223</subfield>
  </datafield>
  <datafield tag="040" ind1=" " ind2=" ">
    <subfield code="a">DLC</subfield>
    <subfield code="c">DLC</subfield>
    <subfield code="d">DLC</subfield>
  </datafield>
  <datafield tag="050" ind1="0" ind2="0">
    <subfield code="a">MLCS 82/5942</subfield>
  </datafield>
  <datafield tag="066" ind1=" " ind2=" ">
    <subfield code="c">(3</subfield>
  </datafield>
  <datafield tag="100" ind1="2" ind2=" ">
    <subfield code="6">880-01</subfield>
    <subfield code="a">Sakkakini, Widad.</subfield>
  </datafield>
  <datafield tag="880" ind1="2" ind2=" ">
    <subfield code="6">100-01/(3/r‏</subfield>
    <subfield code="a">‏سككن، ودد.</subfield>
  </datafield>
  <datafield tag="245" ind1="1" ind2="0">
    <subfield code="6">880-02</subfield>
    <subfield code="a">Marāyā al-nās /</subfield>
    <subfield code="c">taʼlīf Widād Sakākīnī.</subfield>
  </datafield>
  <datafield tag="880" ind1="1" ind2="0">
    <subfield code="6">245-02/(3/r‏</subfield>
    <subfield code="a">‏مرايا الناس /‏</subfield>
    <subfield code="c">‏تأليف وداد سكاكيني.</subfield>
  </datafield>
  <datafield tag="260" ind1=" " ind2=" ">
    <subfield code="6">880-03</subfield>
    <subfield code="a">[al-Qāhirah] :</subfield>
    <subfield code="b">Lajnat al-Nashr lil-Jāmiʻīyīn :</subfield>
    <subfield code="b">Yuṭlabu min Maktabat Miṣr wa-Maṭbaʻatihā,</subfield>
    <subfield code="c">[1945]</subfield>
  </datafield>
  <datafield tag="880" ind1=" " ind2=" ">
    <subfield code="6">260-03/(3/r‏</subfield>
    <subfield code="a">‏[القاهرة] :‏</subfield>
    <subfield code="b">‏لجنة النشر للجامعييين :‏</subfield>
    <subfield code="b">‏يطلب من مكتبة مصر ومطبعتها,‏</subfield>
    <subfield code="c">‏‪[1945]‬</subfield>
  </datafield>
  <datafield tag="300" ind1=" " ind2=" ">
    <subfield code="a">159 p. ; 20 cm.</subfield>
  </datafield>
  <datafield tag="991" ind1=" " ind2=" ">
    <subfield code="b">c-GenColl</subfield>
    <subfield code="h">MLCS 82/5942</subfield>
    <subfield code="t">Copy 1</subfield>
    <subfield code="w">BOOKS</subfield>
  </datafield>
</record>