
<record>
  <leader>01658cam a2200349 i 4500</leader>
  <controlfield tag="001">6615695</controlfield>
  <controlfield tag="005">20200105203922.0</controlfield>
  <controlfield tag="008">860227s1959    ua ac         000 0cara  </controlfield>
  <datafield tag="906" ind1=" " ind2=" ">
    <subfield code="a">7</subfield>
    <subfield code="b">cbc</subfield>
    <subfield code="c">premver</subfield>
    <subfield code="d">1</subfield>
    <subfield code="e">ncip</subfield>
    <subfield code="f">19</subfield>
    <subfield code="g">y-nonroman</subfield>
  </datafield>
  <datafield tag="955" ind1=" " ind2=" ">
    <subfield code="i">cm04 2020-01-05 NEW INPUT</subfield>
    <subfield code="t">cm04 2020-01-05 Copy 2 to CabinBranch for FrankBkColl</subfield>
  </datafield>
  <datafield tag="010" ind1=" " ind2=" ">
    <subfield code="a">ne 68001405 </subfield>
  </datafield>
  <datafield tag="040" ind1=" " ind2=" ">
    <subfield code="a">DLC</subfield>
    <subfield code="b">eng</subfield>
    <subfield code="e">rda</subfield>
    <subfield code="c">DLC</subfield>
    <subfield code="d">DLC</subfield>
  </datafield>
  <datafield tag="042" ind1=" " ind2=" ">
    <subfield code="a">pcc</subfield>
  </datafield>
  <datafield tag="050" ind1="0" ind2="0">
    <subfield code="a">CT3202</subfield>
    <subfield code="b">.S23</subfield>
  </datafield>
  <datafield tag="051" ind1=" " ind2=" ">
    <subfield code="a">CT3202</subfield>
    <subfield code="b">.S23 Copy 2</subfield>
    <subfield code="c">Franklin Book Program Collection, no. A174.</subfield>
  </datafield>
  <datafield tag="066" ind1=" " ind2=" ">
    <subfield code="c">(3</subfield>
  </datafield>
  <datafield tag="240" ind1="1" ind2="0">
    <subfield code="a">Lives of girls who became famous</subfield>
    <subfield code="l">Arabic.</subfield>
  </datafield>
  <datafield tag="100" ind1="1" ind2=" ">
    <subfield code="a">Sakkakini, Widad,</subfield>
    <subfield code="e">author.</subfield>
  </datafield>
  <datafield tag="245" ind1="1" ind2="0">
    <subfield code="6">880-02</subfield>
    <subfield code="a">Nisāʼ shahīrāt min al-Sharq wa-al-Gharb / bi-qalam al-Sayyidah Widād Sakākīnī, al-Sayyidah Tumāḍir Tawfīq.</subfield>
  </datafield>
  <datafield tag="880" ind1="1" ind2="0">
    <subfield code="6">245-02/(3/r‏</subfield>
    <subfield code="a">‏نساء شهيرات من الشرق والغرب / بقلم السيدة وداد سكاكيني، السيدة تماضر توفيق.</subfield>
  </datafield>
  <datafield tag="264" ind1=" " ind2="1">
    <subfield code="6">880-03</subfield>
    <subfield code="a">al-Qāhirah :</subfield>
    <subfield code="b">Dār Iḥyāʼ al-Kutub al-ʻArabīyah,</subfield>
    <subfield code="c">1959.</subfield>
  </datafield>
  <datafield tag="880" ind1=" " ind2="1">
    <subfield code="6">264-03/(3/r‏</subfield>
    <subfield code="a">‏القاهرة :‏</subfield>
    <subfield code="b">‏دار إحياء الكتب العربية،‏</subfield>
    <subfield code="c">‏1959.</subfield>
  </datafield>
  <datafield tag="300" ind1=" " ind2=" ">
    <subfield code="a">195 pages :</subfield>
    <subfield code="b">illustrations, portraits ;</subfield>
    <subfield code="c">24cm</subfield>
  </datafield>
  <datafield tag="336" ind1=" " ind2=" ">
    <subfield code="a">text</subfield>
    <subfield code="2">rdacontent</subfield>
  </datafield>
  <datafield tag="337" ind1=" " ind2=" ">
    <subfield code="a">unmediated</subfield>
    <subfield code="2">rdamedia</subfield>
  </datafield>
  <datafield tag="338" ind1=" " ind2=" ">
    <subfield code="a">volume</subfield>
    <subfield code="2">rdacarrier</subfield>
  </datafield>
  <datafield tag="500" ind1=" " ind2=" ">
    <subfield code="a">In Arabic.</subfield>
  </datafield>
  <datafield tag="650" ind1=" " ind2="0">
    <subfield code="a">Women</subfield>
    <subfield code="v">Biography.</subfield>
  </datafield>
  <datafield tag="700" ind1="1" ind2=" ">
    <subfield code="6">880-04</subfield>
    <subfield code="a">Tawfīq, Tumāḍir,</subfield>
    <subfield code="d">1920-2001,</subfield>
    <subfield code="e">joint author.</subfield>
  </datafield>
  <datafield tag="880" ind1="1" ind2=" ">
    <subfield code="6">700-04/(3/r‏</subfield>
    <subfield code="a">‏توفيق، تماضر،‏</subfield>
    <subfield code="d">‏1920-2001.</subfield>
  </datafield>
  <datafield tag="710" ind1="2" ind2=" ">
    <subfield code="a">Franklin Book Program Collection (Library of Congress).</subfield>
    <subfield code="5">DLC</subfield>
  </datafield>
  <datafield tag="991" ind1=" " ind2=" ">
    <subfield code="b">c-GenColl</subfield>
    <subfield code="h">CT3202</subfield>
    <subfield code="i">.S23 (Orien Arab)</subfield>
    <subfield code="t">Copy 1</subfield>
    <subfield code="w">PREM</subfield>
  </datafield>
</record>