
<record>
  <leader>00777cam a22002411  4500</leader>
  <controlfield tag="001">7181773</controlfield>
  <controlfield tag="005">20200105200808.0</controlfield>
  <controlfield tag="008">900720s1969    ua c     b    000 0 arar </controlfield>
  <datafield tag="906" ind1=" " ind2=" ">
    <subfield code="a">7</subfield>
    <subfield code="b">cbc</subfield>
    <subfield code="c">oclcrpl</subfield>
    <subfield code="d">u</subfield>
    <subfield code="e">ncip</subfield>
    <subfield code="f">19</subfield>
    <subfield code="g">y-gencatlg</subfield>
  </datafield>
  <datafield tag="035" ind1=" " ind2=" ">
    <subfield code="9">(DLC)   78960384</subfield>
  </datafield>
  <datafield tag="010" ind1=" " ind2=" ">
    <subfield code="a">   78960384 </subfield>
  </datafield>
  <datafield tag="035" ind1=" " ind2=" ">
    <subfield code="a">(OCoLC)22106820</subfield>
  </datafield>
  <datafield tag="040" ind1=" " ind2=" ">
    <subfield code="a">DLC</subfield>
    <subfield code="c">WaU</subfield>
    <subfield code="d">WaU</subfield>
    <subfield code="d">DLC</subfield>
  </datafield>
  <datafield tag="042" ind1=" " ind2=" ">
    <subfield code="a">premarc</subfield>
  </datafield>
  <datafield tag="050" ind1="0" ind2="0">
    <subfield code="a">PJ7876.I9</subfield>
    <subfield code="b">Z78</subfield>
  </datafield>
  <datafield tag="100" ind1="2" ind2=" ">
    <subfield code="a">Sakkakini, Widad.</subfield>
  </datafield>
  <datafield tag="245" ind1="1" ind2="0">
    <subfield code="a">Mayy Ziyādah fī ḥayātihā wa-āthārihā,</subfield>
    <subfield code="c">bi-qalam Widād Sakākīnī.</subfield>
  </datafield>
  <datafield tag="260" ind1=" " ind2=" ">
    <subfield code="a">Miṣr,</subfield>
    <subfield code="b">Dār al-Maʻārif</subfield>
    <subfield code="c">[1969]</subfield>
  </datafield>
  <datafield tag="300" ind1=" " ind2=" ">
    <subfield code="a">253 p.</subfield>
    <subfield code="b">port.</subfield>
    <subfield code="c">25 cm.</subfield>
  </datafield>
  <datafield tag="504" ind1=" " ind2=" ">
    <subfield code="a">Bibliography: p. 249-250.</subfield>
  </datafield>
  <datafield tag="600" ind1="1" ind2="0">
    <subfield code="a">Ziyādah, Mayy.</subfield>
  </datafield>
  <datafield tag="985" ind1=" " ind2=" ">
    <subfield code="e">OCLC REPLACEMENT cdsdistr</subfield>
  </datafield>
  <datafield tag="991" ind1=" " ind2=" ">
    <subfield code="b">c-AMED</subfield>
    <subfield code="h">PJ7876.I9</subfield>
    <subfield code="i">Z78</subfield>
    <subfield code="t">Copy 1</subfield>
    <subfield code="m">Arab</subfield>
    <subfield code="w">OCLCREP</subfield>
  </datafield>
</record>