
<record>
  <leader>00733cam a22002291  4500</leader>
  <controlfield tag="001">7506608</controlfield>
  <controlfield tag="005">20200105195915.0</controlfield>
  <controlfield tag="008">900720s1962    ua            000 1 ararc</controlfield>
  <datafield tag="906" ind1=" " ind2=" ">
    <subfield code="a">7</subfield>
    <subfield code="b">cbc</subfield>
    <subfield code="c">oclcrpl</subfield>
    <subfield code="d">u</subfield>
    <subfield code="e">ncip</subfield>
    <subfield code="f">19</subfield>
    <subfield code="g">y-gencatlg</subfield>
  </datafield>
  <datafield tag="010" ind1=" " ind2=" ">
    <subfield code="a">ne 63000059 </subfield>
  </datafield>
  <datafield tag="025" ind1=" " ind2=" ">
    <subfield code="a">PL480:UAR-407</subfield>
  </datafield>
  <datafield tag="035" ind1=" " ind2=" ">
    <subfield code="9">(DLC)ne 63000059</subfield>
  </datafield>
  <datafield tag="035" ind1=" " ind2=" ">
    <subfield code="a">(OCoLC)22106827</subfield>
  </datafield>
  <datafield tag="040" ind1=" " ind2=" ">
    <subfield code="a">Princeton Univ. LIbr.</subfield>
    <subfield code="c">WaU</subfield>
    <subfield code="d">WaU</subfield>
    <subfield code="d">DLC</subfield>
  </datafield>
  <datafield tag="042" ind1=" " ind2=" ">
    <subfield code="a">premarc</subfield>
  </datafield>
  <datafield tag="050" ind1="0" ind2="0">
    <subfield code="a">PJ7862.A54</subfield>
    <subfield code="b">A88</subfield>
  </datafield>
  <datafield tag="100" ind1="2" ind2=" ">
    <subfield code="a">Sakkakini, Widad.</subfield>
  </datafield>
  <datafield tag="245" ind1="1" ind2="0">
    <subfield code="a">Arwá bint al-khuṭūb</subfield>
    <subfield code="c">[taʼlīf] Widād Sakākīni.</subfield>
  </datafield>
  <datafield tag="260" ind1=" " ind2=" ">
    <subfield code="a">[al-Qāhirah]</subfield>
    <subfield code="b">Dār al-Fikr al-ʻArabī</subfield>
    <subfield code="c">[1962?]</subfield>
  </datafield>
  <datafield tag="300" ind1=" " ind2=" ">
    <subfield code="a">132 p.</subfield>
    <subfield code="c">19 cm.</subfield>
  </datafield>
  <datafield tag="985" ind1=" " ind2=" ">
    <subfield code="e">OCLC REPLACEMENT cdsdistr</subfield>
  </datafield>
  <datafield tag="991" ind1=" " ind2=" ">
    <subfield code="b">c-AMED</subfield>
    <subfield code="h">PJ7862.A54</subfield>
    <subfield code="i">A88</subfield>
    <subfield code="t">Copy 1</subfield>
    <subfield code="m">Arab</subfield>
    <subfield code="w">OCLCREP</subfield>
  </datafield>
</record>