
<record>
  <leader>00692cam a22002411  4500</leader>
  <controlfield tag="001">9380014</controlfield>
  <controlfield tag="005">20200105195756.0</controlfield>
  <controlfield tag="008">881028s1962    xx            000 0 ara  </controlfield>
  <datafield tag="906" ind1=" " ind2=" ">
    <subfield code="a">7</subfield>
    <subfield code="b">cbc</subfield>
    <subfield code="c">oclcrpl</subfield>
    <subfield code="d">u</subfield>
    <subfield code="e">ncip</subfield>
    <subfield code="f">19</subfield>
    <subfield code="g">y-gencatlg</subfield>
  </datafield>
  <datafield tag="010" ind1=" " ind2=" ">
    <subfield code="a">ne 63000140 </subfield>
  </datafield>
  <datafield tag="035" ind1=" " ind2=" ">
    <subfield code="9">(DLC)ne 63000140</subfield>
  </datafield>
  <datafield tag="035" ind1=" " ind2=" ">
    <subfield code="a">(OCoLC)23504472</subfield>
  </datafield>
  <datafield tag="040" ind1=" " ind2=" ">
    <subfield code="a">DLC</subfield>
    <subfield code="c">MiU</subfield>
    <subfield code="d">DLC</subfield>
  </datafield>
  <datafield tag="042" ind1=" " ind2=" ">
    <subfield code="a">premarc</subfield>
  </datafield>
  <datafield tag="050" ind1="0" ind2="0">
    <subfield code="a">PJ7862.A54</subfield>
    <subfield code="b">U45 1962</subfield>
  </datafield>
  <datafield tag="100" ind1="2" ind2=" ">
    <subfield code="a">Sakkakini, Widad.</subfield>
  </datafield>
  <datafield tag="245" ind1="1" ind2="0">
    <subfield code="a">Ummahāt al-muʼminīn.</subfield>
  </datafield>
  <datafield tag="260" ind1=" " ind2=" ">
    <subfield code="c">[1962?]</subfield>
  </datafield>
  <datafield tag="300" ind1=" " ind2=" ">
    <subfield code="a">206 p.</subfield>
    <subfield code="c">19 cm.</subfield>
  </datafield>
  <datafield tag="500" ind1=" " ind2=" ">
    <subfield code="a">Romanized.</subfield>
  </datafield>
  <datafield tag="600" ind1="0" ind2="0">
    <subfield code="a">Muḥammad,</subfield>
    <subfield code="c">Prophet,</subfield>
    <subfield code="d">-632</subfield>
    <subfield code="v">Fiction.</subfield>
  </datafield>
  <datafield tag="985" ind1=" " ind2=" ">
    <subfield code="e">OCLC REPLACEMENT cdsdistr</subfield>
  </datafield>
  <datafield tag="991" ind1=" " ind2=" ">
    <subfield code="b">c-AMED</subfield>
    <subfield code="h">PJ7862.A54</subfield>
    <subfield code="i">U45 1962</subfield>
    <subfield code="t">Copy 1</subfield>
    <subfield code="m">Arab</subfield>
    <subfield code="w">OCLCREP</subfield>
  </datafield>
</record>