
<record>
  <leader>02283cam a22003017i 4500</leader>
  <controlfield tag="001">19218585</controlfield>
  <controlfield tag="005">20200105203453.0</controlfield>
  <controlfield tag="008">160806s2012    io       b   f000 0 ind  </controlfield>
  <datafield tag="906" ind1=" " ind2=" ">
    <subfield code="a">7</subfield>
    <subfield code="b">cbc</subfield>
    <subfield code="c">origode</subfield>
    <subfield code="d">4</subfield>
    <subfield code="e">ncip</subfield>
    <subfield code="f">20</subfield>
    <subfield code="g">y-gencatlg</subfield>
  </datafield>
  <datafield tag="925" ind1="0" ind2=" ">
    <subfield code="a">acquire</subfield>
    <subfield code="b">1 shelf copy</subfield>
    <subfield code="x">policy default</subfield>
  </datafield>
  <datafield tag="955" ind1=" " ind2=" ">
    <subfield code="a">wj43 2016-08-06</subfield>
    <subfield code="b">wj15 2020-01-03 received for cataloging</subfield>
    <subfield code="h">wj15 2020-01-03 to SAS</subfield>
  </datafield>
  <datafield tag="010" ind1=" " ind2=" ">
    <subfield code="a">  2014332255</subfield>
  </datafield>
  <datafield tag="020" ind1=" " ind2=" ">
    <subfield code="a">9789793893730</subfield>
  </datafield>
  <datafield tag="040" ind1=" " ind2=" ">
    <subfield code="a">DLC</subfield>
    <subfield code="b">eng</subfield>
    <subfield code="c">DLC</subfield>
    <subfield code="d">DLC</subfield>
    <subfield code="e">rda</subfield>
  </datafield>
  <datafield tag="042" ind1=" " ind2=" ">
    <subfield code="a">lcode</subfield>
  </datafield>
  <datafield tag="050" ind1="0" ind2="0">
    <subfield code="a">MLCME 2020/70000 (S)</subfield>
  </datafield>
  <datafield tag="245" ind1="0" ind2="0">
    <subfield code="a">Nilai tukar perikanan sebagai salah satu indikator kesejahteraan masyarakat kelautan dan perikanan.</subfield>
  </datafield>
  <datafield tag="264" ind1=" " ind2="1">
    <subfield code="a">[Jakarta] :</subfield>
    <subfield code="b">Badan Penelitian dan Pengembangan Kelautan dan Perikanan (Balitbang-KP) bekerjasama dengan Indonesian Marine and Fisheries Socio-Ecomics Research Network,</subfield>
    <subfield code="c">[2012]</subfield>
  </datafield>
  <datafield tag="300" ind1=" " ind2=" ">
    <subfield code="a">x ,127 pages ;</subfield>
    <subfield code="c">23 cm</subfield>
  </datafield>
  <datafield tag="336" ind1=" " ind2=" ">
    <subfield code="a">text</subfield>
    <subfield code="2">rdacontent</subfield>
  </datafield>
  <datafield tag="337" ind1=" " ind2=" ">
    <subfield code="a">unmediated</subfield>
    <subfield code="2">rdamedia</subfield>
  </datafield>
  <datafield tag="338" ind1=" " ind2=" ">
    <subfield code="a">volume</subfield>
    <subfield code="2">rdacarrier</subfield>
  </datafield>
  <datafield tag="504" ind1=" " ind2=" ">
    <subfield code="a">Includes bibliographical references (page 127).</subfield>
  </datafield>
  <datafield tag="505" ind1="0" ind2=" ">
    <subfield code="a">Sejarah dan perkembangan nilai tukar sebagai salah satu indikator kesejahteraan masyarakat / Tenny Apriliani, Subhechanis Saptanto, dan Cornelia Mirwantini Witomo -- Konsep nilai tukar dalam tinjauan teori ekonomi / Subhechanis Saptanto dan Tenny Apriliani -- Problematika indeks harga dan alternatif penghitungan nilai tukar perikanan / Andrian Ramadhan dan Nensyana Shafitri -- Nilai tukar perikanan pada tipologi perikanan tangkap laut / Nensyana Shafitri, Hakim Miftakhul Huda, dan Rizky Aprilian Wijaya -- Nilai tukar perikanan pada tipologi perikanan tangkap perairan umum daratan, studi kasus di Desa Berkat, Kabupaten OKI / Lindawati, Maulana Firdaus, dan Hikmah -- Nilai tukar perikanan pada tipologi perikanan budidaya / Cornelia Mirwantini Witomo, Lindawati, dan Hikmah -- Nilai tukar perikanan pada bidang petambak garam / Rizki Aprilian Wijaya, Hakim Miftakhul Huda, Rikrik Rahadian -- Menggagas strategi peningkatan kesejahteraan masyarakat kelautan dan perikanan berbasis NTP / Maulana Firdaus, Rikrik Rahardian, dan Andrian Ramadhan.</subfield>
  </datafield>
  <datafield tag="546" ind1=" " ind2=" ">
    <subfield code="a">In Indonesian.</subfield>
  </datafield>
  <datafield tag="653" ind1="0" ind2=" ">
    <subfield code="a">fisheries</subfield>
    <subfield code="a">economic aspects</subfield>
    <subfield code="a">Indonesia</subfield>
  </datafield>
  <datafield tag="710" ind1="1" ind2=" ">
    <subfield code="a">Indonesia.</subfield>
    <subfield code="b">Badan Penelitian dan Pengembangan Kelautan dan Perikanan,</subfield>
    <subfield code="e">publisher.</subfield>
  </datafield>
  <datafield tag="985" ind1=" " ind2=" ">
    <subfield code="e">ODE-jk</subfield>
  </datafield>
</record>