
<record>
  <leader>01961cam a22003375i 4500</leader>
  <controlfield tag="001">20161366</controlfield>
  <controlfield tag="005">20200105074046.0</controlfield>
  <controlfield tag="008">171202s2015    ku            000 0 ara  </controlfield>
  <datafield tag="906" ind1=" " ind2=" ">
    <subfield code="a">0</subfield>
    <subfield code="b">ibc</subfield>
    <subfield code="c">origode</subfield>
    <subfield code="d">3</subfield>
    <subfield code="e">ncip</subfield>
    <subfield code="f">20</subfield>
    <subfield code="g">y-nonroman</subfield>
  </datafield>
  <datafield tag="925" ind1="0" ind2=" ">
    <subfield code="a">acquire</subfield>
    <subfield code="b">1 shelf copy</subfield>
    <subfield code="x">policy default</subfield>
  </datafield>
  <datafield tag="955" ind1=" " ind2=" ">
    <subfield code="b">we52 2017-12-16;</subfield>
    <subfield code="c">we51 2018-03-21 to ASME/ME</subfield>
  </datafield>
  <datafield tag="010" ind1=" " ind2=" ">
    <subfield code="a">  2017405578</subfield>
  </datafield>
  <datafield tag="020" ind1=" " ind2=" ">
    <subfield code="a">9789996649271</subfield>
  </datafield>
  <datafield tag="037" ind1=" " ind2=" ">
    <subfield code="c">3.00 KWD</subfield>
  </datafield>
  <datafield tag="040" ind1=" " ind2=" ">
    <subfield code="a">DLC</subfield>
    <subfield code="b">eng</subfield>
    <subfield code="e">rda</subfield>
    <subfield code="c">DLC</subfield>
  </datafield>
  <datafield tag="042" ind1=" " ind2=" ">
    <subfield code="a">pcc</subfield>
    <subfield code="a">lcode</subfield>
  </datafield>
  <datafield tag="066" ind1=" " ind2=" ">
    <subfield code="c">(3</subfield>
  </datafield>
  <datafield tag="110" ind1="2" ind2=" ">
    <subfield code="6">880-01</subfield>
    <subfield code="a">Markaz al-ʻArabī lil-Buḥūth al-Tarbawīyah li-Duwal al-Khalīj.</subfield>
    <subfield code="b">Mawsim al-Thaqāfī al-Tarbawī</subfield>
    <subfield code="n">(22nd :</subfield>
    <subfield code="d">2015 :</subfield>
    <subfield code="c">Kuwait, Kuwait)</subfield>
  </datafield>
  <datafield tag="880" ind1="2" ind2=" ">
    <subfield code="6">110-01/(3/r‏</subfield>
    <subfield code="a">‏مركز العربي للبحوث التربوية لدول الخليج.‏</subfield>
    <subfield code="b">‏موسم الثقافي التربوي‏.</subfield>
  </datafield>
  <datafield tag="245" ind1="0" ind2="0">
    <subfield code="6">880-02</subfield>
    <subfield code="a">Ṣuʻūbāt al-taʻallum :</subfield>
    <subfield code="b">al-ʻillah al-khafīyah fī al-taḥṣīl al-dirāsī : al-mawsim al-thaqāfī al-tarbawī lil-markaz, al-dawrah al-thāniyah wa-al-ʻishrūn, 1436 H-2015 M.</subfield>
  </datafield>
  <datafield tag="880" ind1="0" ind2="0">
    <subfield code="6">245-02/(3/r‏</subfield>
    <subfield code="a">‏صعوبات التعلم :‏</subfield>
    <subfield code="b">‏العلة الخفية في التحصيل الدراسي : الموسم الثقافي التربوي للمركز، الدورة الثانية والعشرون، ١٤٣٦ هـ-٢٠١٥ م.</subfield>
  </datafield>
  <datafield tag="250" ind1=" " ind2=" ">
    <subfield code="6">880-03</subfield>
    <subfield code="a">al-Ṭabʻah al-ūlá.</subfield>
  </datafield>
  <datafield tag="880" ind1=" " ind2=" ">
    <subfield code="6">250-03/(3/r‏</subfield>
    <subfield code="a">‏الطبعة الأولى.</subfield>
  </datafield>
  <datafield tag="264" ind1=" " ind2="1">
    <subfield code="6">880-04</subfield>
    <subfield code="a">al-Kuwayt :</subfield>
    <subfield code="b">al-Markaz al-ʻArabī lil-Buḥūth al-Tarbawīyah li-Duwal al-Khalīj,</subfield>
    <subfield code="c">2015.</subfield>
  </datafield>
  <datafield tag="880" ind1=" " ind2="1">
    <subfield code="6">264-04/(3/r‏</subfield>
    <subfield code="a">‏الكويت :‏</subfield>
    <subfield code="b">‏المركز العربي للبحوث التربوية لدول الخليج،‏</subfield>
    <subfield code="c">‏‪2015‬.</subfield>
  </datafield>
  <datafield tag="300" ind1=" " ind2=" ">
    <subfield code="a">114 pages ;</subfield>
    <subfield code="c">24 cm</subfield>
  </datafield>
  <datafield tag="336" ind1=" " ind2=" ">
    <subfield code="a">text</subfield>
    <subfield code="b">txt</subfield>
    <subfield code="2">rdacontent</subfield>
  </datafield>
  <datafield tag="337" ind1=" " ind2=" ">
    <subfield code="a">unmediated</subfield>
    <subfield code="b">n</subfield>
    <subfield code="2">rdamedia</subfield>
  </datafield>
  <datafield tag="338" ind1=" " ind2=" ">
    <subfield code="a">volume</subfield>
    <subfield code="b">nc</subfield>
    <subfield code="2">rdacarrier</subfield>
  </datafield>
  <datafield tag="520" ind1=" " ind2=" ">
    <subfield code="a">Learning disabilities; teaching; methodology; educational tests and measurements; Persian Gulf Region.</subfield>
  </datafield>
  <datafield tag="985" ind1=" " ind2=" ">
    <subfield code="e">ODE-ca</subfield>
  </datafield>
</record>