
<record>
  <leader>01884cam a22002775i 4500</leader>
  <controlfield tag="001">21353882</controlfield>
  <controlfield tag="005">20200105074416.0</controlfield>
  <controlfield tag="008">200105s2019    mr            000 0 fre  </controlfield>
  <datafield tag="906" ind1=" " ind2=" ">
    <subfield code="a">0</subfield>
    <subfield code="b">ibc</subfield>
    <subfield code="c">origode</subfield>
    <subfield code="d">3</subfield>
    <subfield code="e">ncip</subfield>
    <subfield code="f">20</subfield>
    <subfield code="g">y-gencatlg</subfield>
  </datafield>
  <datafield tag="925" ind1="0" ind2=" ">
    <subfield code="a">acquire</subfield>
    <subfield code="b">1 shelf copy</subfield>
    <subfield code="x">policy default</subfield>
  </datafield>
  <datafield tag="955" ind1=" " ind2=" ">
    <subfield code="b">we57 2020-01-05 to AMSE/ME</subfield>
  </datafield>
  <datafield tag="010" ind1=" " ind2=" ">
    <subfield code="a">  2019444806</subfield>
  </datafield>
  <datafield tag="020" ind1=" " ind2=" ">
    <subfield code="a">9789954508824</subfield>
  </datafield>
  <datafield tag="037" ind1=" " ind2=" ">
    <subfield code="c">85.00 MAD</subfield>
  </datafield>
  <datafield tag="040" ind1=" " ind2=" ">
    <subfield code="a">DLC</subfield>
    <subfield code="b">eng</subfield>
    <subfield code="e">rda</subfield>
    <subfield code="c">DLC</subfield>
  </datafield>
  <datafield tag="042" ind1=" " ind2=" ">
    <subfield code="a">pcc</subfield>
    <subfield code="a">lcode</subfield>
  </datafield>
  <datafield tag="066" ind1=" " ind2=" ">
    <subfield code="c">(3</subfield>
  </datafield>
  <datafield tag="245" ind1="0" ind2="0">
    <subfield code="6">880-01</subfield>
    <subfield code="a">Developpement territorial das le Souss et ses bordures :</subfield>
    <subfield code="b">ressources, emigration, evolution des systems sociax et de production /</subfield>
    <subfield code="c">coordination Mohamed Bouchelkha, equipe d&apos;étude et de recherche sur l&apos;espace et les sociétésa du sud GERS = al-Tanmiyah al-turābīyah bi-Sūs wa-hawāmishuh : al-mawārid wa-al-hijrah wa-taṭawwur al-ansāq al-ijtimāʻīyah wa-al-intājīyah / tansīq Muḥammad Būshalkhah, farīq al-dirāsāt wa-al-baḥth ḥawla al-majāl wa-al-mujtamaʻāt bi-al-janūb.</subfield>
  </datafield>
  <datafield tag="880" ind1="0" ind2="0">
    <subfield code="6">245-01/(3/r‏</subfield>
    <subfield code="a">‏Developpement territorial das le Souss et ses bordures :‏</subfield>
    <subfield code="b">‏ressources, emigration, evolution des systems sociax et de production /‏</subfield>
    <subfield code="c">‏coordination Mohamed Bouchelkha, equipe d&apos;étude et de recherche sur l&apos;espace et les sociétésa du sud GERS = ‏التنمية الترابية بسوس وهوامشه : الموارد والهجرة وتطور الانساق الإجتماعية والإنتاجية / تنسيق محمد بوشلخة، فريق الدراسات والبحث حول المجال والمجتمعات بالجنوب.</subfield>
  </datafield>
  <datafield tag="264" ind1=" " ind2="1">
    <subfield code="a">Marrakech :</subfield>
    <subfield code="b">Faculte des lettres et des sciences humaines,</subfield>
    <subfield code="c">[2018]</subfield>
  </datafield>
  <datafield tag="300" ind1=" " ind2=" ">
    <subfield code="a">166, 97 pages ;</subfield>
    <subfield code="c">24 cm</subfield>
  </datafield>
  <datafield tag="336" ind1=" " ind2=" ">
    <subfield code="a">text</subfield>
    <subfield code="b">txt</subfield>
    <subfield code="2">rdacontent</subfield>
  </datafield>
  <datafield tag="337" ind1=" " ind2=" ">
    <subfield code="a">unmediated</subfield>
    <subfield code="b">n</subfield>
    <subfield code="2">rdamedia</subfield>
  </datafield>
  <datafield tag="338" ind1=" " ind2=" ">
    <subfield code="a">volume</subfield>
    <subfield code="b">nc</subfield>
    <subfield code="2">rdacarrier</subfield>
  </datafield>
  <datafield tag="700" ind1="1" ind2=" ">
    <subfield code="a">Bouchelkha, Mohamed,</subfield>
    <subfield code="e">editor.</subfield>
  </datafield>
  <datafield tag="985" ind1=" " ind2=" ">
    <subfield code="e">ODE-ca</subfield>
  </datafield>
</record>