
<record>
  <leader>05271nam a22004098i 4500</leader>
  <controlfield tag="001">21353934</controlfield>
  <controlfield tag="005">20200105212007.0</controlfield>
  <controlfield tag="008">200104s2020    nyu      b    000 0 eng  </controlfield>
  <datafield tag="906" ind1=" " ind2=" ">
    <subfield code="a">0</subfield>
    <subfield code="b">ibc</subfield>
    <subfield code="c">orignew</subfield>
    <subfield code="d">1</subfield>
    <subfield code="e">ecip</subfield>
    <subfield code="f">20</subfield>
    <subfield code="g">y-gencatlg</subfield>
  </datafield>
  <datafield tag="925" ind1="0" ind2=" ">
    <subfield code="a">acquire</subfield>
    <subfield code="b">1 shelf copy</subfield>
    <subfield code="x">policy default</subfield>
  </datafield>
  <datafield tag="955" ind1=" " ind2=" ">
    <subfield code="b">LBSOR 2020-01-04</subfield>
  </datafield>
  <datafield tag="010" ind1=" " ind2=" ">
    <subfield code="a">  2019054064</subfield>
  </datafield>
  <datafield tag="020" ind1=" " ind2=" ">
    <subfield code="a">9781603294720</subfield>
    <subfield code="q">(hardcover)</subfield>
  </datafield>
  <datafield tag="020" ind1=" " ind2=" ">
    <subfield code="a">9781603294454</subfield>
    <subfield code="q">(paperback)</subfield>
  </datafield>
  <datafield tag="020" ind1=" " ind2=" ">
    <subfield code="z">9781603294461</subfield>
    <subfield code="q">(ebook)</subfield>
  </datafield>
  <datafield tag="020" ind1=" " ind2=" ">
    <subfield code="z">9781603294478</subfield>
    <subfield code="q">(ebook)</subfield>
  </datafield>
  <datafield tag="040" ind1=" " ind2=" ">
    <subfield code="a">LBSOR/DLC</subfield>
    <subfield code="b">eng</subfield>
    <subfield code="e">rda</subfield>
    <subfield code="c">DLC</subfield>
  </datafield>
  <datafield tag="042" ind1=" " ind2=" ">
    <subfield code="a">pcc</subfield>
  </datafield>
  <datafield tag="043" ind1=" " ind2=" ">
    <subfield code="a">n-us---</subfield>
  </datafield>
  <datafield tag="050" ind1="0" ind2="0">
    <subfield code="a">PS153.J4</subfield>
  </datafield>
  <datafield tag="245" ind1="0" ind2="0">
    <subfield code="a">Teaching Jewish American literature /</subfield>
    <subfield code="c">edited by Roberta Rosenberg and Rachel Rubinstein.</subfield>
  </datafield>
  <datafield tag="263" ind1=" " ind2=" ">
    <subfield code="a">2006</subfield>
  </datafield>
  <datafield tag="264" ind1=" " ind2="1">
    <subfield code="a">New York :</subfield>
    <subfield code="b">The Modern Language Association of America,</subfield>
    <subfield code="c">2020.</subfield>
  </datafield>
  <datafield tag="300" ind1=" " ind2=" ">
    <subfield code="a">pages cm.</subfield>
  </datafield>
  <datafield tag="336" ind1=" " ind2=" ">
    <subfield code="a">text</subfield>
    <subfield code="b">txt</subfield>
    <subfield code="2">rdacontent</subfield>
  </datafield>
  <datafield tag="337" ind1=" " ind2=" ">
    <subfield code="a">unmediated</subfield>
    <subfield code="b">n</subfield>
    <subfield code="2">rdamedia</subfield>
  </datafield>
  <datafield tag="338" ind1=" " ind2=" ">
    <subfield code="a">volume</subfield>
    <subfield code="b">nc</subfield>
    <subfield code="2">rdacarrier</subfield>
  </datafield>
  <datafield tag="490" ind1="0" ind2=" ">
    <subfield code="a">Options for teaching,</subfield>
    <subfield code="x">1079-2562 ;</subfield>
    <subfield code="v">49</subfield>
  </datafield>
  <datafield tag="504" ind1=" " ind2=" ">
    <subfield code="a">Includes bibliographical references.</subfield>
  </datafield>
  <datafield tag="505" ind1="0" ind2=" ">
    <subfield code="a">Using early Jewish American literature to teach about race / Laura Arnold Leibman -- Expanding the Jewish American literary canon for Hebrew day school students / Louis Gordon -- Teaching Jewish American literature with an anthology / Kathryn Hellerstein -- Dismantling Christian readings of Jewish American literature in the Christian college : A.M. Klein&apos;s The second scroll / Lucas Wilson -- The sense of bashert : contingency in Dara Horn&apos;s The world to come and Nicole Krauss&apos;s History of love / Lori Hope Lefkovitz -- Jewish American literature and the multicultural canon / Dean Franco -- Team-teaching Jewish and Caribbean immigrant literature to diverse students in a state university / Meri-Jane Rochelson and Donna Aza Weir-Soley -- Teaching Black-Jewish literary relations in transnational perspective / Sarah Phillips Casteel -- Teaching Jewish American children&apos;s and young adult literature / Jodi Eichler-Levine -- Teaching with things : the clutter of Russian Jewish American literature / Sasha Senderovich -- Teaching a Jewish and Arab American literary collaboration in Iraq / Nadia Fayidh Mohammed -- Unsettling the linguistic and geographical borders of Jewish American literature: Régine Robin&apos;s La Québécoite / Justin Cammy -- Jews beyond America : the one and the many / Ilan Stavans -- American poetry, Jewish prayer, world literature / Naomi B. Sokoloff -- Beyond English : language, sound, and voice in Jewish American literature / Hana Wirth-Nesher -- Postvernacular Ladino: chameleon languages and translation studies / Joanna Meadvin and Katharine G. Trostel -- Sephardic writing of the United States in a comparative, trans-American, and transatlantic frame / Dalia Kandiyoti -- Writing new kinds of Jews : a course in literary genetics and masculinity / Yaron Peleg -- Gender, genre, and lesbian identity in four modernist Jewish texts / Corinne E. Blackmer -- Teaching Jewish American women&apos;s writing / Judith Lewin -- Poetic pedagogies : teaching Irena Klepfisz in Israel/Palestine / Zohar Weiman-Kelman -- Jews, gender, and comix / Peter Antelyes -- Teaching Angels in America in the twenty-first century : memory, mourning, and meaning / Linda Schlossberg -- Musical theater as literature : art and identity that thrive on change / Judah M. Cohen -- Serious fun : teaching Jewish American humor / Jennifer Caplan -- Digital Jews : questioning borders in Jewish American literature / Laini Kavaloski -- After the Golem : teaching Golems, Kabbalah, exile, imagination, and technological take-over / Temma Berg -- Teaching contemporary Jewish American Holocaust literature: memory, &quot;fatigue,&quot; and narratives of post-Holocaust return / Jennifer Lemberg -- The surprising versatility of Israel Zangwill&apos;s The melting pot / Karen E. H. Skinazi and Lori Harrison-Kahan -- Teaching Abraham Cahan&apos;s Yekl as a comedy of arrival and dislocation / John Wharton Lowe -- Displacement and identity in the work of Anzia Yezierska and Helena Maria Viramontes / Judith R. Phagan -- Teaching Anzia Yezierska&apos;s Bread givers in Australia / Sarah Gleeson-White and Lucas Thompson -- Anzia Yezierska and the changing fortunes of Jewishness / Catherine Rottenberg -- Four approaches to teaching &quot;Goodbye, Columbus&quot; / Josh Lambert, Rachel Gordan, Benjamin Schreier, Bettina Hofmann, and Julian Levinson.</subfield>
  </datafield>
  <datafield tag="520" ind1=" " ind2=" ">
    <subfield code="a">&quot;Offers pedagogical techniques for teaching Jewish American fiction, poetry, drama, graphic novels, children&apos;s literature, and digital texts, including considerations of religious and secular Jewish culture, race and multicultural contexts, immigration, the Holocaust, gender and sexuality, multilingual literary traditions, and humor. Gives syllabus suggestions for undergraduate and graduate courses&quot;--</subfield>
    <subfield code="c">Provided by publisher.</subfield>
  </datafield>
  <datafield tag="650" ind1=" " ind2="0">
    <subfield code="a">American literature</subfield>
    <subfield code="x">Jewish authors</subfield>
    <subfield code="x">Study and teaching (Higher)</subfield>
  </datafield>
  <datafield tag="650" ind1=" " ind2="0">
    <subfield code="a">American literature</subfield>
    <subfield code="x">Jewish authors</subfield>
    <subfield code="x">History and criticism.</subfield>
  </datafield>
  <datafield tag="700" ind1="1" ind2=" ">
    <subfield code="a">Rosenberg, Roberta,</subfield>
    <subfield code="e">editor.</subfield>
  </datafield>
  <datafield tag="700" ind1="1" ind2=" ">
    <subfield code="a">Rubinstein, Rachel,</subfield>
    <subfield code="d">1972-</subfield>
    <subfield code="e">editor.</subfield>
  </datafield>
  <datafield tag="776" ind1="0" ind2="8">
    <subfield code="i">Online version:</subfield>
    <subfield code="t">Teaching Jewish American literature.</subfield>
    <subfield code="d">New York : The Modern Language Association of America, 2020.</subfield>
    <subfield code="z">9781603294461</subfield>
    <subfield code="w">(DLC)  2019054065</subfield>
  </datafield>
  <datafield tag="985" ind1=" " ind2=" ">
    <subfield code="a">LBSORCIP</subfield>
    <subfield code="d">2020-01-04</subfield>
  </datafield>
</record>