
<record>
  <leader>02369nam a22003978i 4500</leader>
  <controlfield tag="001">21353936</controlfield>
  <controlfield tag="005">20200105212211.0</controlfield>
  <controlfield tag="008">191231s2020    alu           000 0 eng  </controlfield>
  <datafield tag="906" ind1=" " ind2=" ">
    <subfield code="a">0</subfield>
    <subfield code="b">ibc</subfield>
    <subfield code="c">orignew</subfield>
    <subfield code="d">1</subfield>
    <subfield code="e">ecip</subfield>
    <subfield code="f">20</subfield>
    <subfield code="g">y-gencatlg</subfield>
  </datafield>
  <datafield tag="925" ind1="0" ind2=" ">
    <subfield code="a">acquire</subfield>
    <subfield code="b">1 shelf copy</subfield>
    <subfield code="x">policy default</subfield>
  </datafield>
  <datafield tag="955" ind1=" " ind2=" ">
    <subfield code="b">LBSOR 2020-01-31</subfield>
  </datafield>
  <datafield tag="010" ind1=" " ind2=" ">
    <subfield code="a">  2019051429</subfield>
  </datafield>
  <datafield tag="020" ind1=" " ind2=" ">
    <subfield code="a">9781634043038</subfield>
    <subfield code="q">(paperback)</subfield>
  </datafield>
  <datafield tag="020" ind1=" " ind2=" ">
    <subfield code="z">9781634043045</subfield>
    <subfield code="q">(ebook)</subfield>
  </datafield>
  <datafield tag="040" ind1=" " ind2=" ">
    <subfield code="a">LBSOR/DLC</subfield>
    <subfield code="b">eng</subfield>
    <subfield code="e">rda</subfield>
    <subfield code="c">DLC</subfield>
  </datafield>
  <datafield tag="042" ind1=" " ind2=" ">
    <subfield code="a">pcc</subfield>
  </datafield>
  <datafield tag="043" ind1=" " ind2=" ">
    <subfield code="a">n-us-va</subfield>
    <subfield code="a">n-us-nc</subfield>
  </datafield>
  <datafield tag="050" ind1="0" ind2="0">
    <subfield code="a">GV1045.5.V82</subfield>
    <subfield code="b">S626</subfield>
  </datafield>
  <datafield tag="100" ind1="1" ind2=" ">
    <subfield code="a">Skinner, Elizabeth,</subfield>
    <subfield code="d">1962-</subfield>
    <subfield code="e">author.</subfield>
  </datafield>
  <datafield tag="245" ind1="1" ind2="0">
    <subfield code="a">Bicycling the Blue Ridge :</subfield>
    <subfield code="b">a guide to Skyline Drive and the Blue Ridge Parkway /</subfield>
    <subfield code="c">Elizabeth and Charlie Skinner.</subfield>
  </datafield>
  <datafield tag="250" ind1=" " ind2=" ">
    <subfield code="a">6th edition.</subfield>
  </datafield>
  <datafield tag="263" ind1=" " ind2=" ">
    <subfield code="a">2004</subfield>
  </datafield>
  <datafield tag="264" ind1=" " ind2="1">
    <subfield code="a">Birmingham, AL :</subfield>
    <subfield code="b">Menasha Ridge Press,</subfield>
    <subfield code="c">2020.</subfield>
  </datafield>
  <datafield tag="300" ind1=" " ind2=" ">
    <subfield code="a">pages cm</subfield>
  </datafield>
  <datafield tag="336" ind1=" " ind2=" ">
    <subfield code="a">text</subfield>
    <subfield code="b">txt</subfield>
    <subfield code="2">rdacontent</subfield>
  </datafield>
  <datafield tag="337" ind1=" " ind2=" ">
    <subfield code="a">unmediated</subfield>
    <subfield code="b">n</subfield>
    <subfield code="2">rdamedia</subfield>
  </datafield>
  <datafield tag="338" ind1=" " ind2=" ">
    <subfield code="a">volume</subfield>
    <subfield code="b">nc</subfield>
    <subfield code="2">rdacarrier</subfield>
  </datafield>
  <datafield tag="505" ind1="0" ind2=" ">
    <subfield code="a">The ultimate bicycling road -- Weather in the Blue Ridge Mountains -- Camping versus lodging -- Gearing up : special equipment and clothing -- An explanation of our point-by-point descriptions -- Skyline Drive -- The Blue Ridge Parkway.</subfield>
  </datafield>
  <datafield tag="520" ind1=" " ind2=" ">
    <subfield code="a">&quot;There is no ribbon of highway more ideal for bicycling than the Skyline Drive and the Blue Ridge Parkway. Perhaps we feel this way because we stubbornly seek out roads that are enticing to the senses and physically challenging. We spent the greater part of our lives in Florida, a state summed up by bicyclists as hot, flat, and full of headwinds. There is no fall season in Florida; it&apos;s pretty much green there year-round. So, bicycling against a backdrop of yellow, russet, and orange was a new experience for us. After decades of exploration by bicycle, the Blue Ridge continues to amaze us&quot;--</subfield>
    <subfield code="c">Provided by publisher.</subfield>
  </datafield>
  <datafield tag="650" ind1=" " ind2="0">
    <subfield code="a">Bicycle touring</subfield>
    <subfield code="z">Virginia</subfield>
    <subfield code="z">Skyline Drive</subfield>
    <subfield code="v">Guidebooks.</subfield>
  </datafield>
  <datafield tag="650" ind1=" " ind2="0">
    <subfield code="a">Bicycle touring</subfield>
    <subfield code="z">Blue Ridge Parkway (N.C. and Va.)</subfield>
    <subfield code="v">Guidebooks.</subfield>
  </datafield>
  <datafield tag="651" ind1=" " ind2="0">
    <subfield code="a">Skyline Drive (Va.)</subfield>
    <subfield code="v">Guidebooks.</subfield>
  </datafield>
  <datafield tag="651" ind1=" " ind2="0">
    <subfield code="a">Blue Ridge Parkway (N.C. and Va.)</subfield>
    <subfield code="v">Guidebooks.</subfield>
  </datafield>
  <datafield tag="700" ind1="1" ind2=" ">
    <subfield code="a">Skinner, Charlie,</subfield>
    <subfield code="d">1943-</subfield>
    <subfield code="e">author.</subfield>
  </datafield>
  <datafield tag="776" ind1="0" ind2="8">
    <subfield code="i">Online version:</subfield>
    <subfield code="a">Skinner, Elizabeth, 1962-</subfield>
    <subfield code="t">Bicycling the Blue Ridge.</subfield>
    <subfield code="b">6th edition.</subfield>
    <subfield code="d">Birmingham, AL : Menasha Ridge Press, 2020.</subfield>
    <subfield code="z">9781634043045</subfield>
    <subfield code="w">(DLC)  2019051430</subfield>
  </datafield>
  <datafield tag="985" ind1=" " ind2=" ">
    <subfield code="a">LBSORCIP</subfield>
    <subfield code="d">2020-01-31</subfield>
  </datafield>
</record>