
<record>
  <leader>05419nam a22003858i 4500</leader>
  <controlfield tag="001">21353938</controlfield>
  <controlfield tag="005">20200105212402.0</controlfield>
  <controlfield tag="008">191229s2019    ncu      b    000 0 eng  </controlfield>
  <datafield tag="906" ind1=" " ind2=" ">
    <subfield code="a">0</subfield>
    <subfield code="b">ibc</subfield>
    <subfield code="c">orignew</subfield>
    <subfield code="d">1</subfield>
    <subfield code="e">ecip</subfield>
    <subfield code="f">20</subfield>
    <subfield code="g">y-gencatlg</subfield>
  </datafield>
  <datafield tag="925" ind1="0" ind2=" ">
    <subfield code="a">acquire</subfield>
    <subfield code="b">1 shelf copy</subfield>
    <subfield code="x">policy default</subfield>
  </datafield>
  <datafield tag="955" ind1=" " ind2=" ">
    <subfield code="b">LBSOR 2020-01-29</subfield>
  </datafield>
  <datafield tag="010" ind1=" " ind2=" ">
    <subfield code="a">  2019039881</subfield>
  </datafield>
  <datafield tag="020" ind1=" " ind2=" ">
    <subfield code="a">9781641138222</subfield>
    <subfield code="q">(hardcover)</subfield>
  </datafield>
  <datafield tag="020" ind1=" " ind2=" ">
    <subfield code="a">9781641138215</subfield>
    <subfield code="q">(paperback)</subfield>
  </datafield>
  <datafield tag="020" ind1=" " ind2=" ">
    <subfield code="z">9781641138239</subfield>
    <subfield code="q">(ebook)</subfield>
  </datafield>
  <datafield tag="040" ind1=" " ind2=" ">
    <subfield code="a">LBSOR/DLC</subfield>
    <subfield code="b">eng</subfield>
    <subfield code="e">rda</subfield>
    <subfield code="c">DLC</subfield>
  </datafield>
  <datafield tag="042" ind1=" " ind2=" ">
    <subfield code="a">pcc</subfield>
  </datafield>
  <datafield tag="050" ind1="0" ind2="0">
    <subfield code="a">LB2805</subfield>
  </datafield>
  <datafield tag="245" ind1="0" ind2="0">
    <subfield code="a">Thinking to transform :</subfield>
    <subfield code="b">reflection in leadership learning /</subfield>
    <subfield code="c">Jillian M. Volpe White, Kathy L. Guthrie, and Maritza Torres.</subfield>
  </datafield>
  <datafield tag="263" ind1=" " ind2=" ">
    <subfield code="a">2003</subfield>
  </datafield>
  <datafield tag="264" ind1=" " ind2="1">
    <subfield code="a">Charlotte, North Carolina :</subfield>
    <subfield code="b">Information Age Publishing, inc.,</subfield>
    <subfield code="c">[2019]</subfield>
  </datafield>
  <datafield tag="300" ind1=" " ind2=" ">
    <subfield code="a">pages cm.</subfield>
  </datafield>
  <datafield tag="336" ind1=" " ind2=" ">
    <subfield code="a">text</subfield>
    <subfield code="b">txt</subfield>
    <subfield code="2">rdacontent</subfield>
  </datafield>
  <datafield tag="337" ind1=" " ind2=" ">
    <subfield code="a">unmediated</subfield>
    <subfield code="b">n</subfield>
    <subfield code="2">rdamedia</subfield>
  </datafield>
  <datafield tag="338" ind1=" " ind2=" ">
    <subfield code="a">volume</subfield>
    <subfield code="b">nc</subfield>
    <subfield code="2">rdacarrier</subfield>
  </datafield>
  <datafield tag="490" ind1="0" ind2=" ">
    <subfield code="a">Contemporary perspectives on leadership learning</subfield>
  </datafield>
  <datafield tag="504" ind1=" " ind2=" ">
    <subfield code="a">Includes bibliographical references.</subfield>
  </datafield>
  <datafield tag="505" ind1="0" ind2=" ">
    <subfield code="a">Introduction: Teacher education and the American community college-expanding opportunities for preparation across geographic regions / Mark M. D&apos;Amico and Chance W. Lewis -- Community college teacher education : fulfilling the workforce development mission for diverse geographies / Regina L. Garza Mitchell, Brett Geier, and Cherrelle Singleton -- The state policy landscape and advancing equity for student success and teacher education through community colleges / Shun Robertson -- How an unaccompanied minor became teacher of the year : the unrealized potential of the community college / Spencer Salas, Bradley Smith, Bobbi Siefert, and Astrid Emily Francis -- Innovative partnerships for teacher education / Pamela L. Eddy and Tracey L. Schneider -- The transfer function and the teacher pipeline for diverse communities / Dimitra Jackson Smith, Rhonda Lewis, and Leslie Singleton -- Community college baccalaureate : an evolving teacher preparation option / Deborah L. Floyd, Gianna Ramdin, and Cristobal Salinas Jr. -- Attracting talent in diverse rural geographies : community college transfer students / Douglas A. Smith and Henry Tran -- Early childhood and AAS articulation / Kate Algozzine, Adam Atwell, and Kristen Monteith -- Conclusion: Leveraging the community college for teacher education in diverse geographies / Mark M. D&apos;Amico and Chance W. Lewis.</subfield>
  </datafield>
  <datafield tag="520" ind1=" " ind2=" ">
    <subfield code="a">&quot;In an era of constant connection, it can be challenging to prioritize time for reflection. Taking time to think can feel like a luxury or even a waste time. People facilitating complex leadership processes may feel the least able to pause and reflect. However, it is through intentional reflection that we make meaning of experiences, connect ideas, question assumptions, and generate innovative possibilities. By taking time to reflect, individually and with others, learners can see the full picture of an experience, understand their thought processes, and enhance their capacity for leadership. Beyond individual reflection, by engaging in reflection on social issues with others, leaders can be empowered and enabled to create positive changes. This book is a clarion call for educators and learners to make reflection a central priority. Reflection, the process of making meaning of experience, and leadership, a relational process for affecting change, are enhanced by one another. Together, they strengthen the potential for leadership learning through experience. This book addresses challenges for reflection in leadership learning while also connecting it to timely topics. It begins with connections between reflection and leadership and then introduces a framework for reflection in leadership learning. Reflection is a powerful strategy curricular and co-curricular learning; for instruction and assessment, reflection in leadership learning can benefit from both intentional framing and feedback. As socially constructed concepts, both reflection and leadership have historically lacked clarity; to add to the confusion, critical reflection is often interchanged with reflection. This book introduces a continuum of critical reflection in leadership learning. In order to facilitate reflection in leadership learning, educators must engage in the inner work of becoming reflective educators. Finally, in the face of complex social challenges, reflection, leadership, mindfulness, and resilience are juxtaposed in order to highlight how these concepts are reliant upon one another. Reflection in leadership learning is essential for anyone who wants to develop their capacity for leadership. When faced with complex social issues and challenges at a global scale, the only way to make progress is through collective action that results from critical reflection. To develop more resilient and mindful learners who can adapt to changing circumstances, educators must center reflection in leadership learning as a philosophy, pedagogy, outcome, and strategy. This book provides a balance of theory and practice to empower and enable educators to engage in reflective leadership learning&quot;--</subfield>
    <subfield code="c">Provided by publisher.</subfield>
  </datafield>
  <datafield tag="650" ind1=" " ind2="0">
    <subfield code="a">Educational leadership</subfield>
    <subfield code="x">Study and teaching.</subfield>
  </datafield>
  <datafield tag="650" ind1=" " ind2="0">
    <subfield code="a">Reflective learning.</subfield>
  </datafield>
  <datafield tag="700" ind1="1" ind2=" ">
    <subfield code="a">Volpe White, Jillian M.,</subfield>
    <subfield code="e">editor.</subfield>
  </datafield>
  <datafield tag="700" ind1="1" ind2=" ">
    <subfield code="a">Guthrie, Kathy L.,</subfield>
    <subfield code="e">editor.</subfield>
  </datafield>
  <datafield tag="700" ind1="1" ind2=" ">
    <subfield code="a">Torres, Maritza,</subfield>
    <subfield code="e">editor.</subfield>
  </datafield>
  <datafield tag="985" ind1=" " ind2=" ">
    <subfield code="a">LBSORCIP</subfield>
    <subfield code="d">2020-01-29</subfield>
  </datafield>
</record>