
<record>
  <leader>03491nam a22003858i 4500</leader>
  <controlfield tag="001">21353948</controlfield>
  <controlfield tag="005">20200105213310.0</controlfield>
  <controlfield tag="008">191229s2019    nyu      b    001 0 eng  </controlfield>
  <datafield tag="906" ind1=" " ind2=" ">
    <subfield code="a">0</subfield>
    <subfield code="b">ibc</subfield>
    <subfield code="c">orignew</subfield>
    <subfield code="d">1</subfield>
    <subfield code="e">ecip</subfield>
    <subfield code="f">20</subfield>
    <subfield code="g">y-gencatlg</subfield>
  </datafield>
  <datafield tag="925" ind1="0" ind2=" ">
    <subfield code="a">acquire</subfield>
    <subfield code="b">1 shelf copy</subfield>
    <subfield code="x">policy default</subfield>
  </datafield>
  <datafield tag="955" ind1=" " ind2=" ">
    <subfield code="b">LBSOR 2020-01-29</subfield>
  </datafield>
  <datafield tag="010" ind1=" " ind2=" ">
    <subfield code="a">  2019041479</subfield>
  </datafield>
  <datafield tag="020" ind1=" " ind2=" ">
    <subfield code="a">9781536163049</subfield>
    <subfield code="q">(paperback)</subfield>
  </datafield>
  <datafield tag="020" ind1=" " ind2=" ">
    <subfield code="z">9781536163056</subfield>
    <subfield code="q">(adobe pdf)</subfield>
  </datafield>
  <datafield tag="040" ind1=" " ind2=" ">
    <subfield code="a">LBSOR/DLC</subfield>
    <subfield code="b">eng</subfield>
    <subfield code="e">rda</subfield>
    <subfield code="c">DLC</subfield>
  </datafield>
  <datafield tag="042" ind1=" " ind2=" ">
    <subfield code="a">pcc</subfield>
  </datafield>
  <datafield tag="050" ind1="0" ind2="0">
    <subfield code="a">LB1066</subfield>
  </datafield>
  <datafield tag="100" ind1="1" ind2=" ">
    <subfield code="a">McDonald, Betty,</subfield>
    <subfield code="e">author.</subfield>
  </datafield>
  <datafield tag="245" ind1="1" ind2="0">
    <subfield code="a">Improving teaching and learning through self-regulation /</subfield>
    <subfield code="c">Betty McDonald.</subfield>
  </datafield>
  <datafield tag="263" ind1=" " ind2=" ">
    <subfield code="a">1912</subfield>
  </datafield>
  <datafield tag="264" ind1=" " ind2="1">
    <subfield code="a">New York :</subfield>
    <subfield code="b">Nova Science Publishers,</subfield>
    <subfield code="c">[2019]</subfield>
  </datafield>
  <datafield tag="300" ind1=" " ind2=" ">
    <subfield code="a">pages cm.</subfield>
  </datafield>
  <datafield tag="336" ind1=" " ind2=" ">
    <subfield code="a">text</subfield>
    <subfield code="b">txt</subfield>
    <subfield code="2">rdacontent</subfield>
  </datafield>
  <datafield tag="337" ind1=" " ind2=" ">
    <subfield code="a">unmediated</subfield>
    <subfield code="b">n</subfield>
    <subfield code="2">rdamedia</subfield>
  </datafield>
  <datafield tag="338" ind1=" " ind2=" ">
    <subfield code="a">volume</subfield>
    <subfield code="b">nc</subfield>
    <subfield code="2">rdacarrier</subfield>
  </datafield>
  <datafield tag="490" ind1="0" ind2=" ">
    <subfield code="a">Education in a competitive and globalizing world</subfield>
  </datafield>
  <datafield tag="504" ind1=" " ind2=" ">
    <subfield code="a">Includes bibliographical references and index.</subfield>
  </datafield>
  <datafield tag="505" ind1="0" ind2=" ">
    <subfield code="a">What is self-regulation (SLR)? -- Salient issues in self-regulation -- Useful self-regulation strategies.</subfield>
  </datafield>
  <datafield tag="520" ind1=" " ind2=" ">
    <subfield code="a">&quot;Using contemporary empirical research data, this book takes the stance that purposeful self-regulation actively contributes to promoting deeper learning approaches and generally improves teaching and learning. The underlying aim is to help students become strategic, motivated, and independent learners, capable of controlling themselves by themselves. Such self-control may range over a host of variables (behavioural, psychological, emotional, etc.). This book comes at a time when connectivity has exponentially improved worldwide so that more and more individuals have real time information at their fingertips. The fundamental shift in information accessibility from tedious searching through books and manuscripts to on-demand click of a mouse has had phenomenal impacts of the way we do business. Whereas previously, self-regulation may not have been a priority for many persons, increasingly it has now assumed preeminence with the proliferation of laptop computers, tablets, smart phones and numerous other handheld devices that allow easy access to the Internet. In fact, researchers continue to develop software for helping students self-regulate as well as getting the most out of their studies. Needless to say, self-regulated learning (SRL) is mandatory not only for employability but also for lifelong learning since it enables learners to construct knowledge (constructivism) by identifying their own learning goals; self-managing their learning processes; and self-evaluating their performance against goals. Additionally, SRL is very important when often times it is observed that several individuals who have noticeably lower cognitive abilities are able to better self-regulate and consequently achieve more than they should be able to according to their cognitive ranking. Improving teaching and learning through self-regulation therefore has far reaching implications for the kind of individuals we send out to society and the nature of the contributions they make&quot;--</subfield>
    <subfield code="c">Provided by publisher.</subfield>
  </datafield>
  <datafield tag="650" ind1=" " ind2="0">
    <subfield code="a">Self-regulated learning</subfield>
  </datafield>
  <datafield tag="650" ind1=" " ind2="0">
    <subfield code="a">Student-centered learning.</subfield>
  </datafield>
  <datafield tag="650" ind1=" " ind2="0">
    <subfield code="a">Learning strategies.</subfield>
  </datafield>
  <datafield tag="650" ind1=" " ind2="0">
    <subfield code="a">Reflective learning.</subfield>
  </datafield>
  <datafield tag="776" ind1="0" ind2="8">
    <subfield code="i">Online version:</subfield>
    <subfield code="a">McDonald, Betty.</subfield>
    <subfield code="t">Improving teaching and learning through self-regulation.</subfield>
    <subfield code="d">New York : Nova Science Publishers, [2019]</subfield>
    <subfield code="z">9781536163056</subfield>
    <subfield code="w">(DLC)  2019041480</subfield>
  </datafield>
  <datafield tag="985" ind1=" " ind2=" ">
    <subfield code="a">LBSORCIP</subfield>
    <subfield code="d">2020-01-29</subfield>
  </datafield>
</record>