
<record>
  <leader>01786cam a2200409 i 4500</leader>
  <controlfield tag="001">21353960</controlfield>
  <controlfield tag="005">20200105232134.0</controlfield>
  <controlfield tag="008">200105s1960    ua            000 0 ara  </controlfield>
  <datafield tag="906" ind1=" " ind2=" ">
    <subfield code="a">0</subfield>
    <subfield code="b">Ibc</subfield>
    <subfield code="c">orignew</subfield>
    <subfield code="d">2</subfield>
    <subfield code="e">ncip</subfield>
    <subfield code="f">19</subfield>
    <subfield code="g">y-nonroman</subfield>
  </datafield>
  <datafield tag="925" ind1="0" ind2=" ">
    <subfield code="a">Acquire</subfield>
    <subfield code="b">1 shelf copy</subfield>
    <subfield code="x">policy default</subfield>
  </datafield>
  <datafield tag="955" ind1=" " ind2=" ">
    <subfield code="b">cm04 2020-01-05</subfield>
  </datafield>
  <datafield tag="010" ind1=" " ind2=" ">
    <subfield code="a">  2018371948</subfield>
  </datafield>
  <datafield tag="040" ind1=" " ind2=" ">
    <subfield code="a">DLC</subfield>
    <subfield code="b">eng</subfield>
    <subfield code="e">rda</subfield>
    <subfield code="c">DLC</subfield>
  </datafield>
  <datafield tag="041" ind1="1" ind2=" ">
    <subfield code="a">ara</subfield>
    <subfield code="h">eng</subfield>
  </datafield>
  <datafield tag="042" ind1=" " ind2=" ">
    <subfield code="a">pcc</subfield>
  </datafield>
  <datafield tag="043" ind1=" " ind2=" ">
    <subfield code="a">n-us---</subfield>
  </datafield>
  <datafield tag="050" ind1="0" ind2="0">
    <subfield code="a">BD161</subfield>
    <subfield code="b">.D4125 1960</subfield>
  </datafield>
  <datafield tag="066" ind1=" " ind2=" ">
    <subfield code="c">(3</subfield>
  </datafield>
  <datafield tag="100" ind1="1" ind2=" ">
    <subfield code="a">Dewey, John,</subfield>
    <subfield code="d">1859-1952,</subfield>
    <subfield code="e">author.</subfield>
  </datafield>
  <datafield tag="240" ind1="1" ind2="0">
    <subfield code="a">Quest for certainty.</subfield>
    <subfield code="l">Arabic</subfield>
  </datafield>
  <datafield tag="245" ind1="0" ind2="3">
    <subfield code="6">880-01</subfield>
    <subfield code="a">al-Baḥth ʻan al-yaqīn /</subfield>
    <subfield code="c">taʼlīf Jūn Dīwī ; tarjamah wa-taqdīm Aḥmad Fuʼād al-Ahwānī.</subfield>
  </datafield>
  <datafield tag="880" ind1="0" ind2="3">
    <subfield code="6">245-01/(3/r‏</subfield>
    <subfield code="a">‏البحث عا اليقين /‏</subfield>
    <subfield code="c">‏تأليف جون ديوي ؛ ترجمة وتقديم أحمد فؤاد الأهواني.</subfield>
  </datafield>
  <datafield tag="264" ind1=" " ind2="0">
    <subfield code="6">880-02</subfield>
    <subfield code="a">[Cairo] :</subfield>
    <subfield code="b">Dār Iḥyāʼ al-Kutub al-ʻArabīyah, ʻĪsá al-Bābī al-Ḥalabī,</subfield>
    <subfield code="c">1960.</subfield>
  </datafield>
  <datafield tag="880" ind1=" " ind2="0">
    <subfield code="6">264-02/(3/r‏</subfield>
    <subfield code="a">‏[Cairo] :‏</subfield>
    <subfield code="b">‏دار إحياء الكتب العربية، عيسى البابي الحلبي،‏</subfield>
    <subfield code="c">‏1960.</subfield>
  </datafield>
  <datafield tag="300" ind1=" " ind2=" ">
    <subfield code="a">342 pages ;</subfield>
    <subfield code="c">24 cm</subfield>
  </datafield>
  <datafield tag="336" ind1=" " ind2=" ">
    <subfield code="a">text</subfield>
    <subfield code="2">rdacontent</subfield>
  </datafield>
  <datafield tag="337" ind1=" " ind2=" ">
    <subfield code="a">unmediated</subfield>
    <subfield code="2">rdamedia</subfield>
  </datafield>
  <datafield tag="338" ind1=" " ind2=" ">
    <subfield code="a">volume</subfield>
    <subfield code="2">rdacarrier</subfield>
  </datafield>
  <datafield tag="500" ind1=" " ind2=" ">
    <subfield code="a">Library of Congress. Franklin Book Collection, A252.</subfield>
    <subfield code="5">DLC</subfield>
  </datafield>
  <datafield tag="500" ind1=" " ind2=" ">
    <subfield code="a">Arabic Language Edition &quot;The Quest for certainty, by John Dewey, Minton, Balch &amp; Company&quot;.</subfield>
  </datafield>
  <datafield tag="546" ind1=" " ind2=" ">
    <subfield code="a">In Arabic.</subfield>
  </datafield>
  <datafield tag="561" ind1=" " ind2=" ">
    <subfield code="a">Purchase of Franklin Book Program Collection, 1979.</subfield>
    <subfield code="5">DLC</subfield>
  </datafield>
  <datafield tag="650" ind1=" " ind2="0">
    <subfield code="a">Knowledge, Theory of.</subfield>
  </datafield>
  <datafield tag="650" ind1=" " ind2="0">
    <subfield code="a">Thought and thinking.</subfield>
  </datafield>
  <datafield tag="650" ind1=" " ind2="0">
    <subfield code="a">Science</subfield>
    <subfield code="x">Philosophy.</subfield>
  </datafield>
  <datafield tag="700" ind1="1" ind2=" ">
    <subfield code="a">Ahwānī, Aḥmad Fuʼād,</subfield>
    <subfield code="d">-1970.</subfield>
  </datafield>
  <datafield tag="710" ind1="2" ind2=" ">
    <subfield code="a">Franklin Book Program Collection (Library of Congress).</subfield>
    <subfield code="5">DLC</subfield>
  </datafield>
</record>